
<record><leader>01118nam a2200253 i 4500</leader><controlfield tag="008">960513s1989    pp            000 0 eng d</controlfield><datafield ind1=" " ind2=" " tag="020"><subfield code="a">9980004932</subfield></datafield><datafield ind1=" " ind2=" " tag="040"><subfield code="a">TxDaGIAL</subfield><subfield code="c">TxDaGIAL</subfield></datafield><datafield ind1="1" ind2=" " tag="041"><subfield code="a">tpieng</subfield><subfield code="b">eng</subfield></datafield><datafield ind1="0" ind2="4" tag="082"><subfield code="a">427.9953</subfield><subfield code="2">20</subfield></datafield><datafield ind1="1" ind2=" " tag="100"><subfield code="a">Scorza, David.</subfield></datafield><datafield ind1="1" ind2="3" tag="245"><subfield code="a">An advanced course in Tok Pisin /</subfield><subfield code="c">David Scorza and Karl J. Franklin.</subfield></datafield><datafield ind1=" " ind2=" " tag="260"><subfield code="a">Ukarumpa, Papua New Guinea :</subfield><subfield code="b">The Summer Institute of Linguistics,</subfield><subfield code="c">c1989.</subfield></datafield><datafield ind1=" " ind2=" " tag="300"><subfield code="a">ix, 158 p. ;</subfield><subfield code="c">21 cm.</subfield></datafield><datafield ind1=" " ind2=" " tag="504"><subfield code="a">Bibliography: p. 113-118.</subfield></datafield><datafield ind1="0" ind2=" " tag="505"><subfield code="a">Part 1. Overview -- Part 2. Translation -- Part 3. Language learning.</subfield></datafield><datafield ind1=" " ind2="0" tag="650"><subfield code="a">Tok Pisin language</subfield><subfield code="x">Study and teaching.</subfield></datafield><datafield ind1=" " ind2=" " tag="035"><subfield code="a">(TxDaGIAL)37741100011373</subfield></datafield><controlfield tag="005">20080624154338.0</controlfield><controlfield tag="001">224</controlfield><controlfield tag="003">TxDaGIAL</controlfield><datafield ind1=" " ind2=" " tag="852"><subfield code="p">37741100011373</subfield><subfield code="a">Library</subfield><subfield code="9">$5.00</subfield><subfield code="x">COPYID:249</subfield><subfield code="x">FSC@aRegular@c19960513</subfield><subfield code="h">427.9953 S423a 1989</subfield><subfield code="z">5-91</subfield></datafield><datafield ind1=" " ind2=" " tag="852"><subfield code="p">37741100011374</subfield><subfield code="a">Library</subfield><subfield code="9">$5.00</subfield><subfield code="x">COPYID:250</subfield><subfield code="x">FSC@aRegular@c19960513</subfield><subfield code="h">427.9953 S423a 1989</subfield><subfield code="z">5-91</subfield></datafield><datafield ind1=" " ind2=" " tag="852"><subfield code="p">37741100024148</subfield><subfield code="a">Library</subfield><subfield code="b">James E. Redden Coll</subfield><subfield code="9">$0.00</subfield><subfield code="x">FUND:Gift</subfield><subfield code="x">COPYID:251</subfield><subfield code="x">FSC@aRegular@c20000926</subfield><subfield code="h">427.9953 S423a 1989</subfield><subfield code="z">Gift James E. Redden 6-00</subfield></datafield></record>