
<record><leader>00769cam a2200217 i 4500</leader><controlfield tag="008">800910s1977    gt            000 0 spa  </controlfield><datafield ind1=" " ind2=" " tag="010"><subfield code="a">   80115151 //r86</subfield></datafield><datafield ind1=" " ind2=" " tag="040"><subfield code="a">DLC</subfield><subfield code="c">DLC</subfield><subfield code="d">DLC</subfield></datafield><datafield ind1="0" ind2="0" tag="050"><subfield code="a">PM3962</subfield><subfield code="b">.I5</subfield></datafield><datafield ind1="0" ind2="0" tag="082"><subfield code="a">497/.4</subfield><subfield code="2">19</subfield></datafield><datafield ind1="2" ind2="0" tag="110"><subfield code="a">Instituto Indigenista Nacional (Guatemala)</subfield></datafield><datafield ind1="1" ind2="0" tag="245"><subfield code="a">Alfabeto de las lenguas mayances /</subfield><subfield code="c">Instituto Indigenista Nacional.</subfield></datafield><datafield ind1="0" ind2=" " tag="260"><subfield code="a">Guatemala :</subfield><subfield code="b">Editorial Universitaria, Universidad de San Carlos de Guatemala,</subfield><subfield code="c">c1977.</subfield></datafield><datafield ind1=" " ind2=" " tag="300"><subfield code="a">125 p. ;</subfield><subfield code="c">19 cm.</subfield></datafield><datafield ind1=" " ind2="0" tag="650"><subfield code="a">Mayan languages</subfield><subfield code="x">Alphabet.</subfield></datafield><datafield ind1=" " ind2="0" tag="650"><subfield code="a">Carib language</subfield><subfield code="x">Alphabet.</subfield></datafield><datafield ind1=" " ind2=" " tag="035"><subfield code="a">(TxDaGIAL)37741100016348</subfield></datafield><controlfield tag="005">20080624154402.0</controlfield><controlfield tag="001">330</controlfield><controlfield tag="003">TxDaGIAL</controlfield><datafield ind1=" " ind2=" " tag="852"><subfield code="p">37741100016348</subfield><subfield code="a">Library</subfield><subfield code="x">COPYID:370</subfield><subfield code="x">FSC@aRegular@c19970328</subfield><subfield code="h">497.415 I59a 1977</subfield><subfield code="z">9327</subfield></datafield></record>