
<record><leader>00979cam a2200265 i 4500</leader><controlfield tag="008">801110s1980    gt af         000 0 spa  </controlfield><datafield ind1=" " ind2=" " tag="010"><subfield code="a">   80132584 //r872</subfield></datafield><datafield ind1=" " ind2=" " tag="040"><subfield code="a">DLC</subfield><subfield code="c">DLC</subfield><subfield code="d">DLC</subfield><subfield code="d">TxDaGIAL</subfield></datafield><datafield ind1="0" ind2=" " tag="041"><subfield code="a">spamyn</subfield></datafield><datafield ind1="0" ind2="0" tag="050"><subfield code="a">PM3913</subfield><subfield code="b">.E2</subfield></datafield><datafield ind1="0" ind2="0" tag="082"><subfield code="a">497/.4</subfield><subfield code="2">19</subfield></datafield><datafield ind1=" " ind2=" " tag="094"><subfield code="a">kek00</subfield><subfield code="2">ROPAL</subfield></datafield><datafield ind1="1" ind2="0" tag="100"><subfield code="a">Eachus, Francis.</subfield></datafield><datafield ind1="1" ind2="0" tag="245"><subfield code="a">Aprendamos kekch&#237; :</subfield><subfield code="b">gram&#225;tica pedag&#243;gica popular de kekch&#237; /</subfield><subfield code="c">Francis Eachus, Ruth Carlson.</subfield></datafield><datafield ind1="0" ind2=" " tag="260"><subfield code="a">Guatemala, Centro Am&#233;rica :</subfield><subfield code="b">Instituto Ling&#252;&#237;stico de Verano,</subfield><subfield code="c">1980.</subfield></datafield><datafield ind1=" " ind2=" " tag="300"><subfield code="a">xiv, 368 p., [1] leaf of plates :</subfield><subfield code="b">ill. ;</subfield><subfield code="c">21 cm.</subfield></datafield><datafield ind1=" " ind2=" " tag="500"><subfield code="a">Spanish and/or Kekchi.</subfield></datafield><datafield ind1=" " ind2="0" tag="650"><subfield code="a">Kekchi language</subfield><subfield code="v">Textbooks for foreign speakers</subfield><subfield code="x">Spanish.</subfield></datafield><datafield ind1="1" ind2="0" tag="700"><subfield code="a">Carlson, Ruth,</subfield><subfield code="e">joint author.</subfield></datafield><datafield ind1="2" ind2="0" tag="710"><subfield code="a">Summer Institute of Linguistics.</subfield></datafield><datafield ind1=" " ind2=" " tag="035"><subfield code="a">(TxDaGIAL)37741100016325</subfield></datafield><controlfield tag="005">20080624154454.0</controlfield><controlfield tag="001">570</controlfield><controlfield tag="003">TxDaGIAL</controlfield><datafield ind1=" " ind2=" " tag="852"><subfield code="p">37741100016325</subfield><subfield code="a">Library</subfield><subfield code="x">COPYID:649</subfield><subfield code="x">FSC@aRegular@c19970328</subfield><subfield code="h">497.41512 E11a 1980</subfield><subfield code="z">6501</subfield></datafield></record>