
<record><leader>01081cam a2200301 a 4500</leader><controlfield tag="008">861231s1987    nyua     r    00010 eng  </controlfield><datafield ind1=" " ind2=" " tag="010"><subfield code="a">   86032272</subfield></datafield><datafield ind1=" " ind2=" " tag="020"><subfield code="a">0812029798 (pbk.)</subfield></datafield><datafield ind1=" " ind2=" " tag="040"><subfield code="a">DLC</subfield><subfield code="c">DLC</subfield><subfield code="d">TxDaGIAL</subfield><subfield code="d">TxDaGIAL</subfield></datafield><datafield ind1="0" ind2=" " tag="041"><subfield code="a">engara</subfield></datafield><datafield ind1=" " ind2=" " tag="043"><subfield code="a">f-ua---</subfield></datafield><datafield ind1="0" ind2=" " tag="050"><subfield code="a">PJ6779</subfield><subfield code="b">.W64 1987</subfield></datafield><datafield ind1="0" ind2=" " tag="082"><subfield code="a">492/.783421</subfield><subfield code="2">19</subfield></datafield><datafield ind1="1" ind2="0" tag="100"><subfield code="a">Wise, Hilary.</subfield></datafield><datafield ind1="1" ind2="0" tag="245"><subfield code="a">Arabic at a glance :</subfield><subfield code="b">phrase book &amp; dictionary for travelers /</subfield><subfield code="c">by Hilary Wise ; [illustrations, Juan Suarez].</subfield></datafield><datafield ind1="1" ind2="8" tag="246"><subfield code="a">Barron's Arabic at a glance</subfield></datafield><datafield ind1=" " ind2=" " tag="250"><subfield code="a">Paper ed.</subfield></datafield><datafield ind1="0" ind2=" " tag="260"><subfield code="a">Woodbury, N.Y. :</subfield><subfield code="b">Barron's Educational Series,</subfield><subfield code="c">c1987.</subfield></datafield><datafield ind1=" " ind2=" " tag="300"><subfield code="a">x, 274 p. :</subfield><subfield code="b">maps ;</subfield><subfield code="c">16 cm.</subfield></datafield><datafield ind1=" " ind2=" " tag="500"><subfield code="a">Spine title: Barron's Arabic at a glance.</subfield></datafield><datafield ind1=" " ind2=" " tag="546"><subfield code="a">Arabic and English.</subfield></datafield><datafield ind1=" " ind2="0" tag="650"><subfield code="a">Arabic language</subfield><subfield code="x">Dialects</subfield><subfield code="z">Egypt.</subfield></datafield><datafield ind1=" " ind2="0" tag="650"><subfield code="a">Arabic language</subfield><subfield code="v">Conversation and phrase books</subfield><subfield code="x">English.</subfield></datafield><datafield ind1=" " ind2=" " tag="035"><subfield code="a">(TxDaGIAL)37741100022387</subfield></datafield><controlfield tag="005">20080624154454.0</controlfield><controlfield tag="001">572</controlfield><controlfield tag="003">TxDaGIAL</controlfield><datafield ind1=" " ind2=" " tag="852"><subfield code="p">37741100022387</subfield><subfield code="a">Library</subfield><subfield code="x">COPYID:651</subfield><subfield code="x">FSC@aRegular@c19980825</subfield><subfield code="h">492.783421 W812a 1987</subfield><subfield code="z">Anon. gift 6-91</subfield></datafield></record>