
<record><leader>00683cam a2200205Ia 4500</leader><controlfield tag="008">910205s1990    nyu           001 0 eng d</controlfield><datafield ind1=" " ind2=" " tag="040"><subfield code="a">TxDaGIAL</subfield><subfield code="c">TxDaGIAL</subfield></datafield><datafield ind1="0" ind2=" " tag="041"><subfield code="a">engara</subfield></datafield><datafield ind1="1" ind2=" " tag="100"><subfield code="a">Ali, Syed.</subfield></datafield><datafield ind1="1" ind2="0" tag="245"><subfield code="a">Arabic for beginners /</subfield><subfield code="c">Syed Ali.</subfield></datafield><datafield ind1=" " ind2=" " tag="260"><subfield code="a">New York :</subfield><subfield code="b">Hippocrene Books,</subfield><subfield code="c">c1990.</subfield></datafield><datafield ind1=" " ind2=" " tag="300"><subfield code="a">186 p. ;</subfield><subfield code="c">22 cm.</subfield></datafield><datafield ind1="1" ind2=" " tag="490"><subfield code="a">Hippocrene language studies.</subfield></datafield><datafield ind1=" " ind2="0" tag="650"><subfield code="a">Arabic language</subfield><subfield code="v">Textbooks for foreign speakers</subfield><subfield code="x">English.</subfield></datafield><datafield ind1=" " ind2="0" tag="830"><subfield code="a">Hippocrene language studies.</subfield></datafield><datafield ind1=" " ind2=" " tag="035"><subfield code="a">(TxDaGIAL)37741100020273</subfield></datafield><controlfield tag="005">20080624154455.0</controlfield><controlfield tag="001">573</controlfield><controlfield tag="003">TxDaGIAL</controlfield><datafield ind1=" " ind2=" " tag="852"><subfield code="p">37741100020273</subfield><subfield code="a">Library</subfield><subfield code="x">COPYID:652</subfield><subfield code="x">FSC@aRegular@c19971017</subfield><subfield code="h">492.7 A398a 1990</subfield><subfield code="z">Anon. gift 6-91</subfield></datafield></record>