
<record><leader>00729pam a2200229 i 4500</leader><controlfield tag="008">780524s1980    enk           00010 eng  </controlfield><datafield ind1=" " ind2=" " tag="010"><subfield code="a">   77082523</subfield></datafield><datafield ind1=" " ind2=" " tag="020"><subfield code="a">0521218853</subfield></datafield><datafield ind1=" " ind2=" " tag="020"><subfield code="a">0521293014 (pbk.)</subfield></datafield><datafield ind1=" " ind2=" " tag="040"><subfield code="a">DLC</subfield><subfield code="c">DLC</subfield></datafield><datafield ind1="0" ind2=" " tag="050"><subfield code="a">PJ6307</subfield><subfield code="b">.W48</subfield></datafield><datafield ind1=" " ind2=" " tag="082"><subfield code="a">492/.7/82421</subfield><subfield code="2">19</subfield></datafield><datafield ind1="1" ind2="0" tag="100"><subfield code="a">Wickens, G. M.</subfield></datafield><datafield ind1="1" ind2="0" tag="245"><subfield code="a">Arabic grammar :</subfield><subfield code="b">a first workbook /</subfield><subfield code="c">G. M. Wickens.</subfield></datafield><datafield ind1="0" ind2=" " tag="260"><subfield code="a">Cambridge, Eng. ;</subfield><subfield code="a">New York :</subfield><subfield code="b">Cambridge University Press,</subfield><subfield code="c">1980.</subfield></datafield><datafield ind1=" " ind2=" " tag="300"><subfield code="a">viii, 171 p. ;</subfield><subfield code="c">24 cm.</subfield></datafield><datafield ind1=" " ind2="0" tag="650"><subfield code="a">Arabic language</subfield><subfield code="x">Grammar.</subfield></datafield><datafield ind1=" " ind2=" " tag="035"><subfield code="a">(TxDaGIAL)37741100007680</subfield></datafield><controlfield tag="005">20080624154455.0</controlfield><controlfield tag="001">574</controlfield><controlfield tag="003">TxDaGIAL</controlfield><datafield ind1=" " ind2=" " tag="852"><subfield code="p">37741100007680</subfield><subfield code="a">Library</subfield><subfield code="x">COPYID:653</subfield><subfield code="x">FSC@aRegular@c19950906</subfield><subfield code="h">492.782421 W633 1980</subfield><subfield code="z">6826</subfield></datafield></record>