
<record><leader>01236cam a2200289 a 4500</leader><controlfield tag="008">831130s1983    sj       b    00010 eng  </controlfield><datafield ind1=" " ind2=" " tag="010"><subfield code="a">   83980159 //r86</subfield></datafield><datafield ind1=" " ind2=" " tag="040"><subfield code="a">DLC</subfield><subfield code="c">DLC</subfield><subfield code="d">TxDaGIAL</subfield></datafield><datafield ind1="0" ind2=" " tag="041"><subfield code="a">engara</subfield></datafield><datafield ind1=" " ind2=" " tag="043"><subfield code="a">f-sj---</subfield></datafield><datafield ind1="0" ind2=" " tag="050"><subfield code="a">PJ6901.S68</subfield><subfield code="b">M33 1983</subfield></datafield><datafield ind1="0" ind2=" " tag="082"><subfield code="a">492/.77/09629</subfield><subfield code="2">19</subfield></datafield><datafield ind1="1" ind2="0" tag="100"><subfield code="a">Mahmud, Ushari Ahmad,</subfield><subfield code="d">1948-</subfield></datafield><datafield ind1="1" ind2="0" tag="245"><subfield code="a">Arabic in the southern Sudan :</subfield><subfield code="b">history and spread of a pidgin-creole /</subfield><subfield code="c">Ushari Ahmad Mahmud.</subfield></datafield><datafield ind1="0" ind2=" " tag="260"><subfield code="a">[Khartoum :</subfield><subfield code="b">s.n.],</subfield><subfield code="c">c1983</subfield><subfield code="e">(Khartoum, Sudan :</subfield><subfield code="f">FAL Advertising and Print. Co.)</subfield></datafield><datafield ind1=" " ind2=" " tag="300"><subfield code="a">xiii, 168 p., [3] leaves of plates :</subfield><subfield code="b">maps ;</subfield><subfield code="c">24 cm.</subfield></datafield><datafield ind1=" " ind2=" " tag="500"><subfield code="a">English, with some Arabic.</subfield></datafield><datafield ind1=" " ind2=" " tag="504"><subfield code="a">Bibliography: p. 158-168.</subfield></datafield><datafield ind1=" " ind2="0" tag="650"><subfield code="a">Arabic language</subfield><subfield code="x">Dialects</subfield><subfield code="z">Sudan</subfield><subfield code="z">Southern Region</subfield><subfield code="x">History.</subfield></datafield><datafield ind1=" " ind2="0" tag="651"><subfield code="a">Southern Region (Sudan)</subfield><subfield code="x">Languages.</subfield></datafield><datafield ind1=" " ind2="0" tag="650"><subfield code="a">Creole dialects, Arabic</subfield><subfield code="z">Sudan</subfield><subfield code="z">Southern Region.</subfield></datafield><datafield ind1=" " ind2=" " tag="035"><subfield code="a">(TxDaGIAL)37741100008820</subfield></datafield><controlfield tag="005">20080624154455.0</controlfield><controlfield tag="001">575</controlfield><controlfield tag="003">TxDaGIAL</controlfield><datafield ind1=" " ind2=" " tag="852"><subfield code="p">37741100008820</subfield><subfield code="a">Library</subfield><subfield code="x">COPYID:654</subfield><subfield code="x">FSC@aRegular@c19951017</subfield><subfield code="h">492.7709629 M215a 1983</subfield><subfield code="z">10173; gift Richard Bergman</subfield></datafield><datafield ind1=" " ind2=" " tag="852"><subfield code="p">37741100008821</subfield><subfield code="a">Library</subfield><subfield code="x">COPYID:655</subfield><subfield code="x">FSC@aRegular@c19951017</subfield><subfield code="h">492.7709629 M215a 1983</subfield><subfield code="z">10567; gift Margaret Bendor-Samuel</subfield></datafield></record>