
<record><leader>01056nam a2200265 i 4500</leader><controlfield tag="008">950911r19821995miua          000 0 eng d</controlfield><datafield ind1=" " ind2=" " tag="040"><subfield code="a">TxU</subfield><subfield code="c">TxU</subfield><subfield code="d">TxDaGIAL</subfield></datafield><datafield ind1="1" ind2=" " tag="100"><subfield code="a">Hammoud, Mohamed Salah-Dine,</subfield><subfield code="d">1947-</subfield></datafield><datafield ind1="1" ind2="0" tag="245"><subfield code="a">Arabicization in Morocco :</subfield><subfield code="b">a case study in language planning and language policy attitudes /</subfield><subfield code="c">by Mohamed Salah-Dine.</subfield></datafield><datafield ind1=" " ind2=" " tag="260"><subfield code="c">1982.</subfield></datafield><datafield ind1=" " ind2=" " tag="300"><subfield code="a">xxiii, 288 p. :</subfield><subfield code="b">ill. ;</subfield><subfield code="c">21 cm.</subfield></datafield><datafield ind1=" " ind2=" " tag="500"><subfield code="a">Vita.</subfield></datafield><datafield ind1=" " ind2=" " tag="502"><subfield code="a">Thesis (Ph.D.)--University of Texas at Austin, 1982.</subfield></datafield><datafield ind1=" " ind2=" " tag="504"><subfield code="a">Bibliography: p. 262-288.</subfield></datafield><datafield ind1=" " ind2=" " tag="533"><subfield code="a">Facsim.</subfield><subfield code="b">Ann Arbor, Mich. :</subfield><subfield code="c">University Microfilms International,</subfield><subfield code="d">1995.</subfield></datafield><datafield ind1=" " ind2="0" tag="650"><subfield code="a">Language policy</subfield><subfield code="z">Morocco.</subfield></datafield><datafield ind1=" " ind2="0" tag="650"><subfield code="a">Language planning</subfield><subfield code="z">Morocco.</subfield></datafield><datafield ind1=" " ind2="0" tag="650"><subfield code="a">Languages in contact</subfield><subfield code="z">Morocco.</subfield></datafield><datafield ind1=" " ind2="0" tag="650"><subfield code="a">Arabic language</subfield><subfield code="z">Morocco.</subfield></datafield><datafield ind1="2" ind2="0" tag="610"><subfield code="a">University of Texas at Austin.</subfield><subfield code="b">Graduate School.</subfield></datafield><datafield ind1=" " ind2=" " tag="035"><subfield code="a">(TxDaGIAL)37741100007917</subfield></datafield><controlfield tag="005">20080624154456.0</controlfield><controlfield tag="001">577</controlfield><controlfield tag="003">TxDaGIAL</controlfield><datafield ind1=" " ind2=" " tag="852"><subfield code="p">37741100007917</subfield><subfield code="a">Library</subfield><subfield code="9">$36.00</subfield><subfield code="x">COPYID:657</subfield><subfield code="x">FSC@aRegular@c19950911</subfield><subfield code="h">306.44964 H227a 1982</subfield><subfield code="z">Dir. 7-95</subfield></datafield></record>