
<record><leader>00959nam a2200265Ii 4500</leader><controlfield tag="008">920424s1970    air      b    000 0 armrd</controlfield><datafield ind1=" " ind2=" " tag="035"><subfield code="a">(CU-UC)7682219</subfield></datafield><datafield ind1=" " ind2=" " tag="040"><subfield code="a">IUL</subfield><subfield code="c">IUL</subfield><subfield code="d">CUY</subfield></datafield><datafield ind1="0" ind2=" " tag="041"><subfield code="a">armrus</subfield></datafield><datafield ind1="1" ind2=" " tag="100"><subfield code="a">Melkon&#65056;i&#65057;an, Rafik Levonovich.</subfield></datafield><datafield ind1="1" ind2="0" tag="245"><subfield code="a">Arm&#65056;i&#65057;ano-russki&#301; shkol&#697;ny&#301; slovar&#697; :</subfield><subfield code="b">okolo 12,000 slov /</subfield><subfield code="c">R. L. Melkum&#65056;i&#65057;an, A. A. Seko&#65056;i&#65057;an.</subfield></datafield><datafield ind1=" " ind2=" " tag="250"><subfield code="a">2. izd., ispr. i dop.</subfield></datafield><datafield ind1=" " ind2=" " tag="260"><subfield code="a">Erevan :</subfield><subfield code="b">Lu&#464;s,</subfield><subfield code="c">1970.</subfield></datafield><datafield ind1=" " ind2=" " tag="300"><subfield code="a">256 p. ;</subfield><subfield code="c">22 cm.</subfield></datafield><datafield ind1=" " ind2=" " tag="500"><subfield code="a">Added t.p.: Hay-&#7771;owseren dprots&#703;akan ba&#7771;aran.</subfield></datafield><datafield ind1=" " ind2=" " tag="500"><subfield code="a">Armenian in Cyrillic script.</subfield></datafield><datafield ind1=" " ind2=" " tag="546"><subfield code="a">Armenian.</subfield></datafield><datafield ind1=" " ind2="0" tag="650"><subfield code="a">Armenian language</subfield><subfield code="v">Dictionaries</subfield><subfield code="x">Russian.</subfield></datafield><datafield ind1="1" ind2="0" tag="700"><subfield code="a">Sekoyan, A. H.</subfield><subfield code="q">(Ara Hakobjani)</subfield></datafield><datafield ind1="0" ind2="1" tag="740"><subfield code="a">Hay-&#7771;owseren dprots&#703;akan ba&#7771;aran.</subfield></datafield><datafield ind1=" " ind2=" " tag="035"><subfield code="a">(TxDaGIAL)37741100018977</subfield></datafield><controlfield tag="005">20080624154511.0</controlfield><controlfield tag="001">657</controlfield><controlfield tag="003">TxDaGIAL</controlfield><datafield ind1=" " ind2=" " tag="852"><subfield code="p">37741100018977</subfield><subfield code="a">Library</subfield><subfield code="x">COPYID:744</subfield><subfield code="x">FSC@aRegular@c19970714</subfield><subfield code="h">491.9923917 M523a 1970</subfield></datafield></record>