
<record><leader>01355cam a2200301 a 4500</leader><controlfield tag="008">851021c19721969caua     b    00010 eng d</controlfield><datafield ind1=" " ind2=" " tag="035"><subfield code="a">(CU-UC)1192852</subfield></datafield><datafield ind1=" " ind2=" " tag="040"><subfield code="d">TxDaGIAL</subfield></datafield><datafield ind1="1" ind2="0" tag="100"><subfield code="a">Giv&#243;n, Talmy,</subfield><subfield code="d">1936-</subfield></datafield><datafield ind1="1" ind2="0" tag="245"><subfield code="a">Studies in ChiBemba and Bantu grammar /</subfield><subfield code="c">by Talmy Giv&#243;n. A phonological study of FeFe-Bamileke / Larry M. Hyman.</subfield></datafield><datafield ind1="0" ind2=" " tag="260"><subfield code="a">Los Angeles :</subfield><subfield code="b">Dept. of Linguistics and the African Studies Center, University of California, Los Angeles,</subfield><subfield code="c">1972, c1969.</subfield></datafield><datafield ind1=" " ind2=" " tag="300"><subfield code="a">2 v. bound in one ;</subfield><subfield code="c">28 cm.</subfield></datafield><datafield ind1=" " ind2="0" tag="440"><subfield code="a">Studies in African linguistics</subfield><subfield code="p">Supplement ;</subfield><subfield code="v">3</subfield></datafield><datafield ind1=" " ind2="0" tag="440"><subfield code="a">Studies in African linguistics</subfield><subfield code="p">Supplement ;</subfield><subfield code="v">4</subfield></datafield><datafield ind1="0" ind2=" " tag="505"><subfield code="a">sup. 3. Studies in ChiBemba and Bantu grammar / Talmy Giv&#243;n -- sup. 4. A phonological study of FeFe-Bamileke / Larry M. Hyman.</subfield></datafield><datafield ind1=" " ind2=" " tag="500"><subfield code="a">The volume on ChiBemba is a revision and expansion of the author's thesis (doctoral).</subfield></datafield><datafield ind1=" " ind2=" " tag="504"><subfield code="a">Includes bibliographies.</subfield></datafield><datafield ind1=" " ind2=" " tag="500"><subfield code="a">Cover titles.</subfield></datafield><datafield ind1=" " ind2="0" tag="650"><subfield code="a">Bantu languages</subfield><subfield code="x">Grammar.</subfield></datafield><datafield ind1=" " ind2="0" tag="650"><subfield code="a">Bemba language</subfield><subfield code="x">Grammar.</subfield></datafield><datafield ind1=" " ind2="0" tag="650"><subfield code="a">Bamileke languages.</subfield></datafield><datafield ind1="1" ind2="0" tag="700"><subfield code="a">Hyman, Larry.</subfield></datafield><datafield ind1="2" ind2="2" tag="740"><subfield code="a">A phonological study of FeFe-Bamileke.</subfield></datafield><datafield ind1=" " ind2=" " tag="035"><subfield code="a">(TxDaGIAL)37741350000336</subfield></datafield><controlfield tag="005">20080624173109.0</controlfield><controlfield tag="001">29570</controlfield><controlfield tag="003">TxDaGIAL</controlfield><datafield ind1=" " ind2=" " tag="852"><subfield code="p">37741350000336</subfield><subfield code="a">Library</subfield><subfield code="x">COPYID:36848</subfield><subfield code="x">FSC@aJRL14D@c19970305</subfield><subfield code="h">JN 496.05 S933s Sup.3-4 1972</subfield><subfield code="z">5590</subfield></datafield></record>