
<record><leader>01942cam a2200325 a 4500</leader><controlfield tag="008">970502s1966    vm ab    b    000 0 eng d</controlfield><datafield ind1=" " ind2=" " tag="040"><subfield code="a">TxDaGIAL</subfield><subfield code="c">TxDaGIAL</subfield><subfield code="d">TxDaGIAL</subfield></datafield><datafield ind1="0" ind2="0" tag="245"><subfield code="a">Mon-Khmer studies.</subfield><subfield code="n">2,</subfield><subfield code="f">1966 /</subfield><subfield code="c">edited by David D. Thomas, Nguy&#771;&#234;n &#272;&#236;nh H&#242;a, David L. Blood.</subfield></datafield><datafield ind1=" " ind2=" " tag="260"><subfield code="a">Saigon :</subfield><subfield code="b">The Linguistic Circle of Saigon :</subfield><subfield code="b">Summer Institute of Linguistics,</subfield><subfield code="c">1966.</subfield></datafield><datafield ind1=" " ind2=" " tag="300"><subfield code="a">vi, 111, [5] p. :</subfield><subfield code="b">ill., map.</subfield></datafield><datafield ind1=" " ind2=" " tag="500"><subfield code="a">Publication no. 3 of the Linguistic Circle of Saigon.</subfield></datafield><datafield ind1=" " ind2=" " tag="500"><subfield code="a">"This volume is warmly dedicated to the memory of Gaspar A. Makil and Elwood L. Jacobsen ... killed by guerrillas ... March 4, 1963." -- p. i.</subfield></datafield><datafield ind1=" " ind2=" " tag="504"><subfield code="a">Includes bibliographical references.</subfield></datafield><datafield ind1="0" ind2=" " tag="505"><subfield code="a">Chrau intonation / Dorothy Thomas -- Verbal affixation in Pac&#769;&#335;h / Saundra K. Watson -- Presyllables and reduplication in Jeh / Patrick D. Cohen -- Consonantal tone in Jeh phonemics / Dwight Gradin -- Katu personal pronouns / Judith M. Wallace -- Affixes in Katu / Nancy A. Costello -- Halang phonemes / James and Nancy Cooper -- Checking Vowel contrasts by rhyming / David D. Thomas -- The pronoun system of Uon Nju&#241; Mnong R&#417;l&#417;m  / Henry and Evangeline Blood.</subfield></datafield><datafield ind1=" " ind2="0" tag="650"><subfield code="a">Chrau language.</subfield></datafield><datafield ind1=" " ind2="0" tag="650"><subfield code="a">Pacoh language.</subfield></datafield><datafield ind1=" " ind2="0" tag="650"><subfield code="a">Jeh language.</subfield></datafield><datafield ind1=" " ind2="0" tag="650"><subfield code="a">Katu language.</subfield></datafield><datafield ind1=" " ind2="0" tag="650"><subfield code="a">Halang language.</subfield></datafield><datafield ind1=" " ind2="0" tag="650"><subfield code="a">Mnong language.</subfield></datafield><datafield ind1="1" ind2="0" tag="700"><subfield code="a">Thomas, David D.</subfield></datafield><datafield ind1="1" ind2="0" tag="700"><subfield code="a">Blood, David L.</subfield></datafield><datafield ind1="1" ind2="0" tag="700"><subfield code="a">Nguy&#771;&#234;n, &#272;&#236;nh Ho&#224;,</subfield><subfield code="d">1924-</subfield><subfield code="v">2.</subfield></datafield><datafield ind1=" " ind2=" " tag="035"><subfield code="a">(TxDaGIAL)37741350000057</subfield></datafield><controlfield tag="005">20080624173118.0</controlfield><controlfield tag="001">29631</controlfield><controlfield tag="003">TxDaGIAL</controlfield><datafield ind1=" " ind2=" " tag="852"><subfield code="p">37741350000057</subfield><subfield code="a">Library</subfield><subfield code="9">$0.00</subfield><subfield code="x">COPYID:36909</subfield><subfield code="x">FSC@aJRL14D@c19970505</subfield><subfield code="h">JN 495.9005 M734 v.02 1966</subfield></datafield><datafield ind1=" " ind2=" " tag="852"><subfield code="p">37741350000058</subfield><subfield code="a">Library</subfield><subfield code="9">$0.00</subfield><subfield code="x">COPYID:36910</subfield><subfield code="x">FSC@aJRL14D@c19970505</subfield><subfield code="h">JN 495.9005 M734 v.02 1966</subfield><subfield code="z">Jean Donaldson gift</subfield></datafield><datafield ind1=" " ind2=" " tag="852"><subfield code="p">37741350000059</subfield><subfield code="a">Library</subfield><subfield code="9">$0.00</subfield><subfield code="x">COPYID:36911</subfield><subfield code="x">FSC@aJRL14D@c19970505</subfield><subfield code="h">JN 495.9005 M734 v.02 1966</subfield><subfield code="z">Jean Donaldson gift</subfield></datafield></record>