
<record><leader>00943cam a2200253 a 4500</leader><controlfield tag="008">970502t19801982hiu      bd   000 0 eng d</controlfield><datafield ind1=" " ind2=" " tag="020"><subfield code="a">0824807278</subfield></datafield><datafield ind1=" " ind2=" " tag="022"><subfield code="a">0147-5207</subfield></datafield><datafield ind1=" " ind2=" " tag="040"><subfield code="a">TxDaGIAL</subfield><subfield code="c">TxDaGIAL</subfield><subfield code="d">TxDaGIAL</subfield></datafield><datafield ind1="0" ind2=" " tag="041"><subfield code="a">engcam</subfield></datafield><datafield ind1="1" ind2=" " tag="100"><subfield code="a">Jenner, Philip N.</subfield></datafield><datafield ind1="1" ind2="0" tag="245"><subfield code="a">Mon-Khmer studies.</subfield><subfield code="n">9-10,</subfield><subfield code="f">1980-1981 :</subfield><subfield code="b">A lexicon of Khmer morphology /</subfield><subfield code="c">Philip N. Jenner, Saveros Pou.</subfield></datafield><datafield ind1="3" ind2="2" tag="246"><subfield code="a">Lexicon of Khmer morphology.</subfield></datafield><datafield ind1=" " ind2=" " tag="260"><subfield code="a">Honolulu, Hawaii :</subfield><subfield code="b">The University Press of Hawaii,</subfield><subfield code="c">1980-81, c1982.</subfield></datafield><datafield ind1=" " ind2=" " tag="300"><subfield code="a">lxiv, 524 p. ;</subfield><subfield code="c">24 cm.</subfield></datafield><datafield ind1=" " ind2=" " tag="504"><subfield code="a">Includes bibliographical references (p. lix-lxii).</subfield></datafield><datafield ind1=" " ind2="0" tag="650"><subfield code="a">Khmer language</subfield><subfield code="x">Morphology.</subfield></datafield><datafield ind1=" " ind2="0" tag="650"><subfield code="a">Khmer language</subfield><subfield code="v">Dictionaries</subfield><subfield code="z">English.</subfield></datafield><datafield ind1="1" ind2="0" tag="700"><subfield code="a">Pou, Saveros.</subfield></datafield><datafield ind1=" " ind2=" " tag="035"><subfield code="a">(TxDaGIAL)37741350000032</subfield></datafield><controlfield tag="005">20080624173120.0</controlfield><controlfield tag="001">29638</controlfield><controlfield tag="003">TxDaGIAL</controlfield><datafield ind1=" " ind2=" " tag="852"><subfield code="p">37741350000032</subfield><subfield code="a">Library</subfield><subfield code="x">COPYID:36924</subfield><subfield code="x">FSC@aJRL14D@c19970505</subfield><subfield code="h">JN 495.9005 M734 v.09-10 1980-</subfield><subfield code="z">8817</subfield></datafield></record>