
<record><leader>01347cam a2200265 a 4500</leader><controlfield tag="008">970502t19821983hiua     b    000 0 eng d</controlfield><datafield ind1=" " ind2=" " tag="020"><subfield code="a">0824808886</subfield></datafield><datafield ind1=" " ind2=" " tag="022"><subfield code="a">0147-5207</subfield></datafield><datafield ind1=" " ind2=" " tag="040"><subfield code="a">TxDaGIAL</subfield><subfield code="c">TxDaGIAL</subfield><subfield code="d">TxDaGIAL</subfield></datafield><datafield ind1="0" ind2=" " tag="041"><subfield code="a">engfre</subfield></datafield><datafield ind1="0" ind2="0" tag="245"><subfield code="a">Mon-Khmer studies.</subfield><subfield code="n">11,</subfield><subfield code="f">1982 /</subfield><subfield code="c">edited by Philip N. Jenner.</subfield></datafield><datafield ind1=" " ind2=" " tag="260"><subfield code="a">Honolulu, Hawaii :</subfield><subfield code="b">University Press of Hawaii Press,</subfield><subfield code="c">1982, c1983.</subfield></datafield><datafield ind1=" " ind2=" " tag="300"><subfield code="a">127 p. :</subfield><subfield code="b">ill. ;</subfield><subfield code="c">24 cm.</subfield></datafield><datafield ind1=" " ind2=" " tag="504"><subfield code="a">Includes bibliographical references.</subfield></datafield><datafield ind1="0" ind2=" " tag="505"><subfield code="a">The agreement system in Acehnese / Abdul Gani Asyik -- The phonologies of a Lampang Lamet and Wiang Papao Lua / Narumol Charoenma -- Registres, d&#233;voisement, timbres vocaliques: leur histoire en katouique / G&#233;rard Diffloth -- The mutation of *R in Pre-Thavung / La Vaughn H. Hayes -- On Daic loans and initial mutation in Thavung / La Vaughn H. Hayes -- Participant reference in Northern Khmer / Somkiet Poopatwiboon.</subfield></datafield><datafield ind1=" " ind2="0" tag="650"><subfield code="a">Mon-Khmer languages.</subfield></datafield><datafield ind1=" " ind2="0" tag="650"><subfield code="a">Achinese language.</subfield></datafield><datafield ind1=" " ind2="0" tag="650"><subfield code="a">Khmer language.</subfield></datafield><datafield ind1="1" ind2="0" tag="700"><subfield code="a">Jenner, Philip N.</subfield></datafield><datafield ind1=" " ind2=" " tag="035"><subfield code="a">(TxDaGIAL)37741350000073</subfield></datafield><controlfield tag="005">20080624173121.0</controlfield><controlfield tag="001">29639</controlfield><controlfield tag="003">TxDaGIAL</controlfield><datafield ind1=" " ind2=" " tag="852"><subfield code="p">37741350000073</subfield><subfield code="a">Library</subfield><subfield code="x">COPYID:36925</subfield><subfield code="x">FSC@aJRL14D@c19970505</subfield><subfield code="h">JN 495.9005 M734 v.11 1982</subfield></datafield><datafield ind1=" " ind2=" " tag="852"><subfield code="p">37741350000074</subfield><subfield code="a">Library</subfield><subfield code="x">COPYID:36926</subfield><subfield code="x">FSC@aJRL14D@c19970505</subfield><subfield code="h">JN 495.9005 M734 v.11 1982</subfield></datafield></record>