
<record><leader>01014cam a2200277 a 4500</leader><controlfield tag="008">970502t19831984hiu      b    000 0 eng d</controlfield><datafield ind1=" " ind2=" " tag="020"><subfield code="a">0824809785</subfield></datafield><datafield ind1=" " ind2=" " tag="022"><subfield code="a">0147-5207</subfield></datafield><datafield ind1=" " ind2=" " tag="040"><subfield code="a">TxDaGIAL</subfield><subfield code="c">TxDaGIAL</subfield><subfield code="d">TxDaGIAL</subfield></datafield><datafield ind1="0" ind2=" " tag="041"><subfield code="a">engfre</subfield></datafield><datafield ind1="0" ind2="0" tag="245"><subfield code="a">Mon-Khmer studies.</subfield><subfield code="n">12,</subfield><subfield code="f">1983 /</subfield><subfield code="c">edited by Marybeth Clark and Philip N. Jenner.</subfield></datafield><datafield ind1=" " ind2=" " tag="260"><subfield code="a">Honolulu, Hawaii :</subfield><subfield code="b">University of Hawaii Press,</subfield><subfield code="c">1983, c1984.</subfield></datafield><datafield ind1=" " ind2=" " tag="300"><subfield code="a">124 p. ;</subfield><subfield code="c">23 cm.</subfield></datafield><datafield ind1=" " ind2=" " tag="504"><subfield code="a">Includes bibliographical references.</subfield></datafield><datafield ind1="0" ind2=" " tag="505"><subfield code="a">Essai de phon&#233;tique historique du m&#244;n / Michel Ferlus -- The register system of Thavung / La Vaughn H. Hayes.</subfield></datafield><datafield ind1=" " ind2="0" tag="650"><subfield code="a">Mon language.</subfield></datafield><datafield ind1=" " ind2="7" tag="650"><subfield code="a">Thavung language.</subfield><subfield code="2">ethnologue.</subfield></datafield><datafield ind1="1" ind2="0" tag="700"><subfield code="a">Clark, Marybeth.</subfield></datafield><datafield ind1="1" ind2="0" tag="700"><subfield code="a">Jenner, Philip N.</subfield></datafield><datafield ind1="1" ind2="0" tag="700"><subfield code="a">Ferlus, Michel.</subfield></datafield><datafield ind1="1" ind2="0" tag="700"><subfield code="a">Hayes, La Vaughn H.</subfield></datafield><datafield ind1=" " ind2=" " tag="035"><subfield code="a">(TxDaGIAL)37741350000040</subfield></datafield><controlfield tag="005">20080624173122.0</controlfield><controlfield tag="001">29640</controlfield><controlfield tag="003">TxDaGIAL</controlfield><datafield ind1=" " ind2=" " tag="852"><subfield code="p">37741350000040</subfield><subfield code="a">Library</subfield><subfield code="x">COPYID:36927</subfield><subfield code="x">FSC@aJRL14D@c19970505</subfield><subfield code="h">JN 495.9005 M734 v.12 1983</subfield></datafield></record>