
<record><leader>01153cam a2200253 a 4500</leader><controlfield tag="008">900823t19841987hiub     b    001 0 eng d</controlfield><datafield ind1=" " ind2=" " tag="020"><subfield code="a">0824811178</subfield></datafield><datafield ind1=" " ind2=" " tag="022"><subfield code="a">0147-5207</subfield></datafield><datafield ind1=" " ind2=" " tag="035"><subfield code="a">(CU-UC)7267141</subfield></datafield><datafield ind1=" " ind2=" " tag="040"><subfield code="a">CFS</subfield><subfield code="c">CFS</subfield><subfield code="d">CUI</subfield><subfield code="d">TxDaGIAL</subfield></datafield><datafield ind1="1" ind2=" " tag="100"><subfield code="a">Thompson, Laurence C.</subfield></datafield><datafield ind1="1" ind2="0" tag="245"><subfield code="a">Mon-Khmer Studies.</subfield><subfield code="n">13-14,</subfield><subfield code="f">1984-1985 :</subfield><subfield code="b">A Vietnamese reference grammar /</subfield><subfield code="c">Laurence C. Thompson; ed. by Stephen O'Harrow.</subfield></datafield><datafield ind1="3" ind2="2" tag="246"><subfield code="a">Vietnamese reference grammar.</subfield></datafield><datafield ind1=" " ind2=" " tag="260"><subfield code="a">[Honolulu] :</subfield><subfield code="b">University of Hawaii Press,</subfield><subfield code="c">1984-1985, c1987.</subfield></datafield><datafield ind1=" " ind2=" " tag="300"><subfield code="a">xxv, 386 p. :</subfield><subfield code="b">ill., map ;</subfield><subfield code="c">23 cm.</subfield></datafield><datafield ind1=" " ind2=" " tag="500"><subfield code="a">Revision of: A Vietnamese grammar -- Seattle : University of Washington Press, 1965.</subfield></datafield><datafield ind1=" " ind2=" " tag="500"><subfield code="a">This volume is a "re-edition" which corrects "a number of minor infelicities and typographical errors" in the original 1965 edition -- p. xiii.</subfield></datafield><datafield ind1=" " ind2=" " tag="504"><subfield code="a">Includes bibliographical references (p.361-367) and index.</subfield></datafield><datafield ind1=" " ind2="0" tag="650"><subfield code="a">Vietnamese language</subfield><subfield code="x">Grammar.</subfield></datafield><datafield ind1=" " ind2=" " tag="035"><subfield code="a">(TxDaGIAL)37741350000060</subfield></datafield><controlfield tag="005">20080624173122.0</controlfield><controlfield tag="001">29641</controlfield><controlfield tag="003">TxDaGIAL</controlfield><datafield ind1=" " ind2=" " tag="852"><subfield code="p">37741350000060</subfield><subfield code="a">Library</subfield><subfield code="x">COPYID:36928</subfield><subfield code="x">FSC@aJRL14D@c19970523</subfield><subfield code="h">JN 495.9005 M734 v.13-14 1984-</subfield></datafield></record>