
<record><leader>01504cam a2200253 a 4500</leader><controlfield tag="008">970502s1993    txuab    b    000 0 eng d</controlfield><datafield ind1=" " ind2=" " tag="020"><subfield code="a">0883126230</subfield></datafield><datafield ind1=" " ind2=" " tag="022"><subfield code="a">0147-5207</subfield></datafield><datafield ind1=" " ind2=" " tag="040"><subfield code="a">TxDaGIAL</subfield><subfield code="c">TxDaGIAL</subfield><subfield code="d">TxDaGIAL</subfield></datafield><datafield ind1="0" ind2="0" tag="245"><subfield code="a">Mon-Khmer studies.</subfield><subfield code="n">22,</subfield><subfield code="f">1993.</subfield></datafield><datafield ind1=" " ind2=" " tag="260"><subfield code="a">Dallas, Tex. :</subfield><subfield code="b">Summer Institute of Linguistics,</subfield><subfield code="c">1993.</subfield></datafield><datafield ind1=" " ind2=" " tag="300"><subfield code="a">304 p. :</subfield><subfield code="b">ill., map ;</subfield><subfield code="c">24 cm.</subfield></datafield><datafield ind1=" " ind2=" " tag="500"><subfield code="a">A journal of Southeast Asian languages.</subfield></datafield><datafield ind1=" " ind2=" " tag="504"><subfield code="a">Includes bibliographical references.</subfield></datafield><datafield ind1="2" ind2=" " tag="505"><subfield code="a">The syntax of nouns and noun phrases in dated pre-Angkorian inscriptions / Chhany Sak-Humphry -- Les noms g&#233;ographigue khmer d'apr&#232;s les inscriptions du Cambodge / Long Seam -- Kui narrative repetition / Somsonge Burusphat -- A view on Proto-Mjuenic (Yao) / Theraphan L. Thongkum -- Correlates of the register complex in Kuay / Preecha Sukgasame -- The problem of aspirates in Central Khmer and Northern Khmer / Prakorb Phon-ngam -- A bibliography of theses on non-Austroasiatic languages submitted to universities in Thailand, II, and index of I and II / Sujaritlak Deepadung and Sophana Srichampa.</subfield></datafield><datafield ind1=" " ind2="0" tag="650"><subfield code="a">Mon-Khmer languages.</subfield></datafield><datafield ind1=" " ind2="0" tag="650"><subfield code="a">Kui language (Mon-Khmer)</subfield></datafield><datafield ind1=" " ind2="0" tag="650"><subfield code="a">Yao language (Africa)</subfield></datafield><datafield ind1=" " ind2=" " tag="035"><subfield code="a">(TxDaGIAL)37741350000043</subfield></datafield><controlfield tag="005">20080624173125.0</controlfield><controlfield tag="001">29645</controlfield><controlfield tag="003">TxDaGIAL</controlfield><datafield ind1=" " ind2=" " tag="852"><subfield code="p">37741350000043</subfield><subfield code="a">Library</subfield><subfield code="x">COPYID:36932</subfield><subfield code="x">FSC@aJRL14D@c19970505</subfield><subfield code="h">JN 495.9005 M734 v.22 1993</subfield></datafield><datafield ind1=" " ind2=" " tag="852"><subfield code="p">37741350000044</subfield><subfield code="a">Library</subfield><subfield code="x">COPYID:36933</subfield><subfield code="x">FSC@aJRL14D@c19970505</subfield><subfield code="h">JN 495.9005 M734 v.22 1993</subfield></datafield></record>