
<record><leader>01510cam a2200253 a 4500</leader><controlfield tag="008">970502t19931994txub          000 0 eng d</controlfield><datafield ind1=" " ind2=" " tag="020"><subfield code="a">155671002X</subfield></datafield><datafield ind1=" " ind2=" " tag="022"><subfield code="a">0147-5207</subfield></datafield><datafield ind1=" " ind2=" " tag="040"><subfield code="a">TxDaGIAL</subfield><subfield code="c">TxDaGIAL</subfield><subfield code="d">TxDaGIAL</subfield></datafield><datafield ind1="0" ind2="0" tag="245"><subfield code="a">Mon-Khmer studies.</subfield><subfield code="n">23,</subfield><subfield code="f">1993.</subfield></datafield><datafield ind1=" " ind2=" " tag="260"><subfield code="a">Dallas, Tex. :</subfield><subfield code="b">Summer Institute of Linguistics ;</subfield><subfield code="a">Salaya, Thailand :</subfield><subfield code="b">Mahidol University,</subfield><subfield code="c">1993, c1994.</subfield></datafield><datafield ind1=" " ind2=" " tag="300"><subfield code="a">243 p. :</subfield><subfield code="b">map ;</subfield><subfield code="c">23 cm.</subfield></datafield><datafield ind1=" " ind2=" " tag="500"><subfield code="a">A journal of Southeast Asian languages.</subfield></datafield><datafield ind1=" " ind2=" " tag="504"><subfield code="a">Includes bibliographical references.</subfield></datafield><datafield ind1="0" ind2=" " tag="505"><subfield code="a">Khasi dialects / K.S. Nagaraja -- Perhaps, the tones are in the consonants? / Apiluck Tumtavitikul -- Khmu play languages / Frank Proschan -- Evaluation of the wordlist used in a Mon-Khmer research project in Northeast Thailand / John D. Miller -- Perceptions of ethnolinguistic identity, language shift and language use in Mon-Khmer language communities of Northeast Thailand / Carolyn Miller -- The Khmu cycles of 60 days and 60 years / Damrong Tayanin and Kristina Lindell -- Bibliography of Muong and other Vietic language groups, with notes / Miriam A. Barker.</subfield></datafield><datafield ind1=" " ind2="0" tag="650"><subfield code="a">Mon-Khmer languages.</subfield></datafield><datafield ind1=" " ind2="0" tag="650"><subfield code="a">Khasi language.</subfield></datafield><datafield ind1=" " ind2="0" tag="650"><subfield code="a">Muong language</subfield><subfield code="v">Bibliography.</subfield></datafield><datafield ind1=" " ind2=" " tag="035"><subfield code="a">(TxDaGIAL)37741350000045</subfield></datafield><controlfield tag="005">20080624173126.0</controlfield><controlfield tag="001">29647</controlfield><controlfield tag="003">TxDaGIAL</controlfield><datafield ind1=" " ind2=" " tag="852"><subfield code="p">37741350000045</subfield><subfield code="a">Library</subfield><subfield code="x">COPYID:36936</subfield><subfield code="x">FSC@aJRL14D@c19970505</subfield><subfield code="h">JN 495.9005 M734 v.23 1993</subfield></datafield><datafield ind1=" " ind2=" " tag="852"><subfield code="p">37741350000046</subfield><subfield code="a">Library</subfield><subfield code="x">COPYID:36937</subfield><subfield code="x">FSC@aJRL14D@c19970505</subfield><subfield code="h">JN 495.9005 M734 v.23 1993</subfield></datafield></record>