
<record><leader>01713cam a2200325 a 4500</leader><controlfield tag="008">970502s1964    vm a     b    000 0 eng d</controlfield><datafield ind1=" " ind2=" " tag="022"><subfield code="a">0147-5207</subfield></datafield><datafield ind1=" " ind2=" " tag="040"><subfield code="a">TxDaGIAL</subfield><subfield code="c">TxDaGIAL</subfield><subfield code="d">TxDaGIAL</subfield></datafield><datafield ind1="0" ind2="0" tag="245"><subfield code="a">Mon-Khmer studies.</subfield><subfield code="n">1,</subfield><subfield code="f">1964 /</subfield><subfield code="c">John and Elizabeth Banker ... [et al.].</subfield></datafield><datafield ind1=" " ind2=" " tag="260"><subfield code="a">Saigon :</subfield><subfield code="b">The Linguistic Circle of Saigon :</subfield><subfield code="b">Summer Institute of Linguistics,</subfield><subfield code="c">1964.</subfield></datafield><datafield ind1=" " ind2=" " tag="300"><subfield code="a">163 p. :</subfield><subfield code="b">ill. ;</subfield><subfield code="c">21 cm.</subfield></datafield><datafield ind1=" " ind2=" " tag="500"><subfield code="a">Publication no. 1 of the Linguistic Circle of Saigon.</subfield></datafield><datafield ind1=" " ind2=" " tag="504"><subfield code="a">Includes bibliographical references.</subfield></datafield><datafield ind1="0" ind2=" " tag="505"><subfield code="a">Transformational paradigms of Bahnar clauses / John E. Banker -- Word classes in Br&#244;u / John D. Miller -- The substantive phrase in Br&#244;u / Carolyn P. Miller -- Personal pronouns in Pac&#769;&#466;h / Saundra K. Watson -- Bahnar affixation / Elizabeth M. Banker -- Bahnar reduplication / Elizabeth M. Banker -- Pac&#769;&#466;h phonemes / Richard Watson -- A survey of Austroasiatic and Mon-Khmer comparative studies / David D. Thomas.</subfield></datafield><datafield ind1=" " ind2="0" tag="650"><subfield code="a">Bahnar language</subfield><subfield code="x">Clauses.</subfield></datafield><datafield ind1=" " ind2="0" tag="650"><subfield code="a">Bru language.</subfield></datafield><datafield ind1=" " ind2="0" tag="650"><subfield code="a">Pacoh language.</subfield></datafield><datafield ind1="1" ind2="0" tag="700"><subfield code="a">Banker, John.</subfield></datafield><datafield ind1="1" ind2="0" tag="700"><subfield code="a">Banker, Elizabeth.</subfield></datafield><datafield ind1="1" ind2="0" tag="700"><subfield code="a">Miller, John D.</subfield></datafield><datafield ind1="1" ind2="0" tag="700"><subfield code="a">Miller, Carolyn Paine.</subfield></datafield><datafield ind1="1" ind2="0" tag="700"><subfield code="a">Watson, Richard L.</subfield></datafield><datafield ind1="1" ind2="0" tag="700"><subfield code="a">Thomas, David D.</subfield></datafield><datafield ind1=" " ind2=" " tag="035"><subfield code="a">(TxDaGIAL)37741350000054</subfield></datafield><controlfield tag="005">20080624173130.0</controlfield><controlfield tag="001">29657</controlfield><controlfield tag="003">TxDaGIAL</controlfield><datafield ind1=" " ind2=" " tag="852"><subfield code="p">37741350000054</subfield><subfield code="a">Library</subfield><subfield code="x">COPYID:36953</subfield><subfield code="x">FSC@aJRL14D@c19970505</subfield><subfield code="h">JN 495.9005 M734 v.01 1964</subfield></datafield><datafield ind1=" " ind2=" " tag="852"><subfield code="p">37741350000055</subfield><subfield code="a">Library</subfield><subfield code="9">$0.00</subfield><subfield code="x">COPYID:36954</subfield><subfield code="x">FSC@aJRL14D@c19970505</subfield><subfield code="h">JN 495.9005 M734 v.01 1964</subfield><subfield code="z">Gift Jean Donaldson</subfield></datafield><datafield ind1=" " ind2=" " tag="852"><subfield code="p">37741350000056</subfield><subfield code="a">Library</subfield><subfield code="9">$0.00</subfield><subfield code="x">COPYID:36955</subfield><subfield code="x">FSC@aJRL14D@c19970505</subfield><subfield code="h">JN 495.9005 M734 v.01 1964</subfield><subfield code="z">Gift</subfield></datafield></record>