
<record><leader>01241nam a2200289 a 4500</leader><controlfield tag="008">020905s2002    txu           000 0 eng d</controlfield><datafield ind1=" " ind2=" " tag="040"><subfield code="a">TxDaGIAL</subfield><subfield code="c">TxDaGIAL</subfield></datafield><datafield ind1=" " ind2=" " tag="094"><subfield code="a">SUQ</subfield><subfield code="2">Ethnologue</subfield></datafield><datafield ind1="1" ind2=" " tag="100"><subfield code="a">Lucassen, Deborah.</subfield></datafield><datafield ind1="1" ind2="2" tag="245"><subfield code="a">A Chai word list /</subfield><subfield code="c">Deborah Lucassen, Marco Last.</subfield></datafield><datafield ind1=" " ind2=" " tag="260"><subfield code="a">Dallas, Tex. :</subfield><subfield code="b">SIL International,</subfield><subfield code="c">c2002.</subfield></datafield><datafield ind1=" " ind2=" " tag="300"><subfield code="a">pdf 160 Kb, 9 p.</subfield></datafield><datafield ind1=" " ind2="0" tag="440"><subfield code="a">SIL electronic survey reports ;</subfield><subfield code="v">2002</subfield></datafield><datafield ind1=" " ind2=" " tag="500"><subfield code="a">Available: http://www.sil.org/silesr/2002/SILESR2002-064.pdf A paper copy may be made from the PDF file using the Adobe Acrobat Reader.</subfield></datafield><datafield ind1="8" ind2=" " tag="520"><subfield code="a">This report contains only a word list of the Chai vaiety of the Suri lanugage of Ethiopia.</subfield></datafield><datafield ind1=" " ind2=" " tag="538"><subfield code="a">System requirements: Adobe Acrobat Reader.</subfield></datafield><datafield ind1=" " ind2="0" tag="650"><subfield code="a">Nilosaharan</subfield><subfield code="x">languages</subfield><subfield code="z">Ethiopia.</subfield></datafield><datafield ind1=" " ind2="0" tag="650"><subfield code="a">Mekan (African people)</subfield><subfield code="x">language.</subfield></datafield><datafield ind1=" " ind2="7" tag="650"><subfield code="a">Suri language</subfield><subfield code="2">ethnologue.</subfield></datafield><datafield ind1=" " ind2="0" tag="650"><subfield code="a">Sociolinguistics</subfield><subfield code="z">Ethiopia.</subfield></datafield><datafield ind1=" " ind2="0" tag="650"><subfield code="a">Language surveys</subfield><subfield code="z">Ethiopia.</subfield></datafield><datafield ind1="4" ind2=" " tag="856"><subfield code="a">www.sil.org</subfield><subfield code="q">PDF</subfield><subfield code="s">160 Kb</subfield><subfield code="u">http://sil.org/silesr/2002/SILESR2002-064.pdf</subfield><subfield code="2">HTTP</subfield></datafield><datafield ind1=" " ind2=" " tag="035"><subfield code="a">(TxDaGIAL)37741600000001</subfield></datafield><controlfield tag="005">20080624173548.0</controlfield><controlfield tag="001">30014</controlfield><controlfield tag="003">TxDaGIAL</controlfield><datafield ind1=" " ind2=" " tag="852"><subfield code="p">37741600000001</subfield><subfield code="a">Library</subfield><subfield code="x">COPYID:42381</subfield><subfield code="x">FSC@aRegular@c20000110</subfield><subfield code="h">Electronic Files</subfield></datafield></record>
</collection>